<collection xmlns="http://www.loc.gov/MARC21/slim"><record><leader>00927nam  2200253   450</leader><controlfield tag="001">650</controlfield><controlfield tag="003">http://montalegre.opacnet.com/OPAC/default.aspx?ContentAreaControl=ShowRegHoldings.ascx&amp;RegNo=16662</controlfield><controlfield tag="005">20</controlfield><datafield tag="021" ind1=" " ind2=" "><subfield code="a">PT</subfield><subfield code="b">14514/87</subfield></datafield><datafield tag="100" ind1=" " ind2=" "><subfield code="a">20061013d1987----a  y0pora010305  ba</subfield></datafield><datafield tag="101" ind1="0" ind2=" "><subfield code="a">por</subfield></datafield><datafield tag="102" ind1=" " ind2=" "><subfield code="a">PT</subfield></datafield><datafield tag="200" ind1="1" ind2=" "><subfield code="a">Contos do tapete voador</subfield><subfield code="f">José Jorge Letria</subfield><subfield code="g">ilust.: Rui Truta</subfield></datafield><datafield tag="210" ind1=" " ind2=" "><subfield code="a">Porto</subfield><subfield code="c">Asa</subfield><subfield code="d">1987</subfield></datafield><datafield tag="215" ind1=" " ind2=" "><subfield code="a">36 p.</subfield><subfield code="c">il.</subfield><subfield code="d">21 cm</subfield></datafield><datafield tag="225" ind1="2" ind2=" "><subfield code="a">Asa juvenil</subfield><subfield code="v">34</subfield></datafield><datafield tag="606" ind1=" " ind2=" "><subfield code="a">Literatura portuguesa</subfield><subfield code="2">Autoridade</subfield><subfield code="3">PT-----------2012041710390005598</subfield></datafield><datafield tag="608" ind1=" " ind2=" "><subfield code="a">Literatura infantil e juvenil</subfield><subfield code="2">Autoridade</subfield><subfield code="3">PT9999-00-10-2009040123590005446</subfield></datafield><datafield tag="608" ind1=" " ind2=" "><subfield code="a">Conto</subfield><subfield code="2">Autoridade</subfield><subfield code="3">PT9999-00-10-2009040123590005380</subfield></datafield><datafield tag="675" ind1=" " ind2=" "><subfield code="a">821.134.3-34</subfield></datafield><datafield tag="700" ind1=" " ind2="1"><subfield code="a">Letria</subfield><subfield code="b">José Jorge</subfield><subfield code="f">1951-</subfield></datafield><datafield tag="702" ind1=" " ind2="1"><subfield code="a">Truta</subfield><subfield code="b">Rui</subfield><subfield code="f">1961-</subfield><subfield code="4">440</subfield></datafield><datafield tag="801" ind1=" " ind2="0"><subfield code="a">PT</subfield><subfield code="b">Biblioteca Municipal de Montalegre</subfield><subfield code="g">RPC</subfield></datafield><datafield tag="856" ind1=" " ind2=" "><subfield code="u">locateMedia.asp?cod=20060523095141&amp;ext=jpg</subfield><subfield code="z">CAPA</subfield></datafield><datafield tag="909" ind1="&#9;" ind2=" "><subfield code="a">1</subfield></datafield><datafield tag="966" ind1=" " ind2=" "><subfield code="a">0001487</subfield><subfield code="l">BMM</subfield><subfield code="s">SI 821.134.3-34 LET con</subfield></datafield></record></collection>